<?xml version="1.0" encoding="UTF-8"?><record xmlns="http://www.loc.gov/MARC21/slim" xmlns:cinclude="http://apache.org/cocoon/include/1.0" xmlns:zs="http://www.loc.gov/zing/srw/">
  <leader>00484cz  a2200145n  4500</leader>
  <controlfield tag="001">no 92011717 </controlfield>
  <controlfield tag="003">DLC</controlfield>
  <controlfield tag="005">20000722065219.0</controlfield>
  <controlfield tag="008">920504n| acannaabn          |a aaa     c</controlfield>
  <datafield tag="010" ind1=" " ind2=" ">
    <subfield code="a">no 92011717 </subfield>
  </datafield>
  <datafield tag="035" ind1=" " ind2=" ">
    <subfield code="a">(OCoLC)oca03174589</subfield>
  </datafield>
  <datafield tag="040" ind1=" " ind2=" ">
    <subfield code="a">FU</subfield>
    <subfield code="b">eng</subfield>
    <subfield code="c">FU</subfield>
    <subfield code="d">OCoLC</subfield>
  </datafield>
  <datafield tag="100" ind1="1" ind2=" ">
    <subfield code="a">Castillo Vargas, Sara Virginia</subfield>
  </datafield>
  <datafield tag="400" ind1="1" ind2=" ">
    <subfield code="a">Vargas, Sara Virginia Castillo</subfield>
  </datafield>
  <datafield tag="670" ind1=" " ind2=" ">
    <subfield code="a">Her La legislación sobre patrimonio histórico arquitectónico en Costa Rica, 1991:</subfield>
    <subfield code="b">t.p. (Sara Virginia Castillo Vargas)</subfield>
  </datafield>
</record>